@article{XXX,
	title = {X},
	journal = {X},
	author = {X},
	year = {XX},
},

@article{StoneEtAl2011,
	title = {The importance for speech intelligibility of random fluctuations in “steady” background noise},
	volume = {130},
	issn = {00014966},
	doi = {10.1121/1.3641371},
	number = {5},
	journal = {The Journal of the Acoustical Society of America},
	author = {Stone, Michael A. and Füllgrabe, Christian and Mackinnon, Robert C. and Moore, Brian C. J.},
	year = {2011},
	pages = {2874–2881},
},

@article{Miller1947,
	title = {The masking of speech},
	volume = {44},
	issn = {0033-2909},
	doi = {10.1037/h0055960},
	number = {2},
	journal = {Psychological Bulletin},
	author = {Miller, George A.},
	year = {1947},
	pages = {105–129},
},

@article{SouzaEtAl2013,
	title = {The advantage of knowing the talker},
	journal = {Journal of the American Academy of Audiology},
	author = {Souza, Pamela E. and Gehani, Namita and Wright, Richard A. and {McCloy}, Daniel R.},
	year = {in press},
},

@book{Pinker2007,
	address = {New York},
	title = {The stuff of thought: Language as a window into human nature},
	publisher = {Viking},
	author = {Pinker, Steven},
	year = {2007}
},

@article{KiddEtAl2005a,
	title = {The advantage of knowing where to listen},
	volume = {118},
	issn = {00014966},
	doi = {10.1121/1.2109187},
	number = {6},
	journal = {The Journal of the Acoustical Society of America},
	author = {Kidd, Gerald and Arbogast, Tanya L. and Mason, Christine R. and Gallun, Frederick J.},
	year = {2005},
	pages = {3804–3815}
},

@article{SteckerHafter2000,
	title = {An effect of temporal asymmetry on loudness},
	volume = {107},
	issn = {00014966},
	doi = {10.1121/1.429407},
	number = {6},
	journal = {The Journal of the Acoustical Society of America},
	author = {Stecker, G. Christopher and Hafter, Ervin R.},
	year = {2000},
	pages = {3358–3368},
},

@article{KitterickEtAl2010,
	title = {Benefits of knowing who, where, and when in multi-talker listening},
	volume = {127},
	issn = {1520-8524},
	doi = {10.1121/1.3327507},
	number = {4},
	journal = {The Journal of the Acoustical Society of America},
	author = {Kitterick, Pádraig T and Bailey, Peter J and Summerfield, A Quentin},
	month = apr,
	year = {2010},
	note = {{PMID:} 20370032},
	pages = {2498–2508},
},

@article{RivenezEtAl2006,
	title = {Processing unattended speech},
	volume = {119},
	issn = {00014966},
	doi = {10.1121/1.2190162},
	number = {6},
	urldate = {2012-01-28},
	journal = {The Journal of the Acoustical Society of America},
	author = {Rivenez, Marie and Darwin, Christopher J. and Guillaume, Anne},
	year = {2006},
	pages = {4027},
},

@article{FreymanEtAl1999,
	title = {The role of perceived spatial separation in the unmasking of speech},
	volume = {106},
	number = {6},
	journal = {Journal of the Acoustical Society of America},
	author = {Freyman, Richard L. and Helfer, Karen S. and {McCall}, Daniel D. and Clifton, Rachel K.},
	year = {1999},
	pages = {3578–3588},
},

@article{CookeEtAl2010,
	title = {Language-independent processing in speech perception: Identification of {English} intervocalic consonants by speakers of eight {European} languages},
	volume = {52},
	issn = {01676393},
	shorttitle = {Language-independent processing in speech perception},
	doi = {10.1016/j.specom.2010.04.004},
	number = {11-12},
	journal = {Speech Communication},
	author = {Cooke, Martin and Lecumberri, Maria Luisa Garcia and Scharenborg, Odette and van Dommelen, Wim A.},
	month = nov,
	year = {2010},
	pages = {954–967},
},

@article{BarkerCooke2007,
	title = {Modelling speaker intelligibility in noise},
	volume = {49},
	issn = {01676393},
	doi = {10.1016/j.specom.2006.11.003},
	number = {5},
	journal = {Speech Communication},
	author = {Barker, Jon and Cooke, Martin},
	month = may,
	year = {2007},
	pages = {402–417},
},

@article{Cooke2006,
	title = {A glimpsing model of speech perception in noise},
	volume = {119},
	issn = {00014966},
	doi = {10.1121/1.2166600},
	number = {3},
	urldate = {2012-01-21},
	journal = {Journal of the Acoustical Society of America},
	author = {Cooke, Martin},
	year = {2006},
	pages = {1562–1573},
},

@article{NewmanEvers2007,
	title = {The effect of talker familiarity on stream segregation},
	volume = {35},
	issn = {0095-4470},
	number = {1},
	journal = {Journal of Phonetics},
	author = {Newman, Rochelle S. and Evers, Shannon},
	year = {2007},
	pages = {85–103},
},

@article{BrungartSimpson2002,
	title = {Within-ear and across-ear interference in a cocktail-party listening task},
	volume = {112},
	issn = {00014966},
	doi = {10.1121/1.1512703},
	number = {6},
	journal = {The Journal of the Acoustical Society of America},
	author = {Brungart, Douglas S. and Simpson, Brian D.},
	year = {2002},
	pages = {2985–2995},
},

@article{FreymanEtAl2004,
	title = {Effect of number of masking talkers and auditory priming on informational masking in speech recognition},
	volume = {115},
	issn = {00014966},
	doi = {10.1121/1.1689343},
	number = {5},
	journal = {Journal of the Acoustical Society of America},
	author = {Freyman, Richard L. and Balakrishnan, Uma and Helfer, Karen S.},
	year = {2004},
	pages = {2246–2256},
},

@article{HoenEtAl2007,
	title = {Phonetic and lexical interferences in informational masking during speech-in-speech comprehension},
	volume = {49},
	issn = {0167-6393},
	doi = {10.1016/j.specom.2007.05.008},
	number = {12},
	journal = {Speech Communication},
	author = {Hoen, Michel and Meunier, Fanny and Grataloup, Claire-Léonie and Pellegrino, François and Grimault, Nicolas and Perrin, Fabien and Perrot, Xavier and Collet, Lionel},
	month = dec,
	year = {2007},
	keywords = {Energetic masking},
	pages = {905–916},
	annote = {Really interesting technique for assessing the temporal complexity of babble: calculating Cepstral Variation Rate as a measure of how much the speech signal (or babble signal) "coheres" into chunks.},
},

@article{BoulengerEtAl2010,
	title = {Real-time lexical competitions during speech-in-speech comprehension},
	volume = {52},
	issn = {0167-6393},
	doi = {10.1016/j.specom.2009.11.002},
	number = {3},
	journal = {Speech Communication},
	author = {Boulenger, Véronique and Hoen, Michel and Ferragne, Emmanuel and Pellegrino, François and Meunier, Fanny},
	month = mar,
	year = {2010},
	pages = {246–253},
},

@article{BrouwerEtAl2012,
	title = {Linguistic contributions to speech-on-speech masking for native and non-native listeners: Language familiarity and semantic content},
	volume = {131},
	issn = {00014966},
	shorttitle = {Linguistic contributions to speech-on-speech masking for native and non-native listeners},
	doi = {10.1121/1.3675943},
	number = {2},
	journal = {The Journal of the Acoustical Society of America},
	author = {Brouwer, Susanne and Van Engen, Kristin J. and Calandruccio, Lauren and Bradlow, Ann R.},
	year = {2012},
	pages = {1449–1464},
},

@article{VanEngenBradlow2007,
	title = {Sentence recognition in native- and foreign-language multi-talker background noise},
	volume = {121},
	issn = {00014966},
	doi = {10.1121/1.2400666},
	number = {1},
	journal = {The Journal of the Acoustical Society of America},
	author = {Van Engen, Kristin J. and Bradlow, Ann R.},
	year = {2007},
	pages = {519–526},
},

@article{WuEtAl2011,
	title = {Cross-language differences in informational masking of speech by speech: English versus {Mandarin} {Chinese}},
	volume = {54},
	number = {6},
	journal = {Journal of Speech, Language, and Hearing Research},
	author = {Wu, Xihong and Yang, Zhigang and Huang, Ying and Chen, Jing and Li, Liang and Daneman, Meridyth and Schneider, Bruce A.},
	year = {2011},
	pages = {1506–1524},
},

@article{CookeEtAl2008,
	title = {The foreign language cocktail party problem: Energetic and informational masking effects in non-native speech perception},
	volume = {123},
	issn = {00014966},
	shorttitle = {The foreign language cocktail party problem},
	doi = {10.1121/1.2804952},
	number = {1},
	journal = {Journal of the Acoustical Society of America},
	author = {Cooke, Martin and Garcia Lecumberri, M. L. and Barker, Jon},
	year = {2008},
	pages = {414–427},
},

@article{BrungartEtAl2006,
	title = {Isolating the energetic component of speech-on-speech masking with ideal time-frequency segregation},
	volume = {120},
	number = {6},
	journal = {Journal of the Acoustical Society of America},
	author = {Brungart, Douglas S. and Chang, Peter S. and Simpson, Brian D. and Wang, {DeLiang}},
	year = {2006},
	pages = {4007–4018},
},

@article{JohnstoneLitovsky2006,
	title = {Effect of masker type and age on speech intelligibility and spatial release from masking in children and adults},
	volume = {120},
	number = {4},
	journal = {Journal of the Acoustical Society of America},
	author = {Johnstone, Patti M. and Litovsky, Ruth Y.},
	year = {2006},
	pages = {2177–2189},
},

@article{KiddEtAl2005b,
	title = {Combining energetic and informational masking for speech identification},
	volume = {118},
	number = {2},
	journal = {Journal of the Acoustical Society of America},
	author = {Kidd Jr., Gerald and Mason, Christine R. and Gallun, Frederick J.},
	year = {2005},
	pages = {982–992},
},

@article{RhebergenEtAl2005,
	title = {Release from informational masking by time reversal of native and non-native interfering speech},
	volume = {118},
	issn = {0001-4966},
	number = {3 Pt 1},
	urldate = {2012-02-20},
	journal = {The Journal of the Acoustical Society of America},
	author = {Rhebergen, Koenraad S. and Versfeld, Niek J. and Dreschler, Wouter A.},
	month = sep,
	year = {2005},
	pages = {1274–1277},
},

@article{Brungart2001,
	title = {Informational and energetic masking effects in the perception of two simultaneous talkers},
	volume = {109},
	issn = {00014966},
	doi = {10.1121/1.1345696},
	number = {3},
	journal = {The Journal of the Acoustical Society of America},
	author = {Brungart, Douglas S.},
	year = {2001},
	pages = {1101–1109},
},

@article{BrungartEtAl2001,
	title = {Informational and energetic masking effects in the perception of multiple simultaneous talkers},
	volume = {110},
	issn = {00014966},
	doi = {10.1121/1.1408946},
	number = {5},
	journal = {The Journal of the Acoustical Society of America},
	author = {Brungart, Douglas S. and Simpson, Brian D. and Ericson, Mark A. and Scott, Kimberly R.},
	year = {2001},
	pages = {2527–2538},
},

@article{SimpsonCooke2005,
	title = {Consonant identification in N-talker babble is a nonmonotonic function of N},
	volume = {118},
	issn = {00014966},
	doi = {10.1121/1.2062650},
	number = {5},
	journal = {Journal of the Acoustical Society of America},
	author = {Simpson, Sarah A. and Cooke, Martin},
	year = {2005},
	pages = {2775–2778},
},

@article{Cherry1953,
	title = {Some experiments on the recognition of speech, with one and with two ears},
	volume = {25},
	issn = {00014966},
	doi = {10.1121/1.1907229},
	number = {5},
	journal = {The Journal of the Acoustical Society of America},
	author = {Cherry, E. Colin},
	year = {1953},
	pages = {975–979},
},

@article{HirshEtAl1954,
	title = {Intelligibility of different speech materials},
	volume = {26},
	doi = {10.1121/1.1907370},
	number = {4},
	journal = {The Journal of the Acoustical Society of America},
	author = {Hirsh, I. J. and Reynolds, Elizabeth G. and Joseph, Maurice},
	year = {1954},
	pages = {530–538},
},

@techreport{BlackEtAl1953,
	address = {Columbus, {OH}},
	title = {Applications of multiple-choice speech intelligibility tests in the evaluation and use of voice communication equipment},
	url = {http://handle.dtic.mil/100.2/AD0024802},
	number = {{AD0024802}},
	institution = {Ohio State University Research Foundation},
	author = {Black, John W. and Tolhurst, Gilbert C. and Morrill, S. N.},
	year = {1953},
},

@techreport{Tolhurst1957,
	address = {Columbus, {OH}},
	title = {The relationship of speaker intelligibility to the sound pressure level of continuous noise environments of various spectra and octave-band widths},
	url = {http://handle.dtic.mil/100.2/AD0135195},
	number = {{AD0135195}},
	institution = {Ohio State University Research Foundation},
	author = {Tolhurst, Gilbert C.},
	year = {1957},
},

@article{WegelLane1924,
	title = {The auditory masking of one pure tone by another and its probable relation to the dynamics of the inner ear},
	volume = {23},
	number = {2},
	journal = {Physical Review},
	author = {Wegel, R. L. and Lane, C. E.},
	month = feb,
	year = {1924},
	pages = {266–285},
},

@article{HawkinsStevens1950,
	title = {The masking of pure tones and of speech by white noise},
	volume = {22},
	issn = {00014966},
	doi = {10.1121/1.1906581},
	number = {1},
	journal = {The Journal of the Acoustical Society of America},
	author = {Hawkins, J. E. and Stevens, S. S.},
	year = {1950},
	pages = {6–13},
},

@article{QueneVanDelft2010,
	title = {Non-native durational patterns decrease speech intelligibility},
	volume = {52},
	issn = {01676393},
	doi = {10.1016/j.specom.2010.03.005},
	number = {11-12},
	journal = {Speech Communication},
	author = {Quené, Hugo and van Delft, L. E.},
	month = nov,
	year = {2010},
	pages = {911–918},
},

@article{PollackPickett1958,
	title = {Masking of speech by noise at high sound levels},
	author = {Pollack, Irwin and Pickett, J. M.},
	journal = {The Journal of the Acoustical Society of America},
	year = {1958},
	volume = {30},
	number = {2},
	pages = {127–130},
	issn = {00014966},
	doi = {10.1121/1.1909503},
},

@article{CarhartEtAl1969,
	title = {Perceptual masking in multiple sound backgrounds},
	volume = {45},
	issn = {0001-4966},
	doi = {10.1121/1.1911445},
	number = {3},
	journal = {The Journal of the Acoustical Society of America},
	author = {Carhart, Raymond and Tillman, Tom W. and Greetis, Elizabeth S.},
	month = mar,
	year = {1969},
	pages = {694–703},
},

@article{DurlachEtAl2003,
	title = {Note on informational masking (L)},
	volume = {113},
	issn = {00014966},
	doi = {10.1121/1.1570435},
	number = {6},
	journal = {Journal of the Acoustical Society of America},
	author = {Durlach, Nathaniel I. and Mason, Christine R. and Kidd, Gerald and Arbogast, Tanya L. and Colburn, H. Steven and Shinn-Cunningham, Barbara G.},
	year = {2003},
	pages = {2984–2987},
},

@article{LewisEtAl1988,
	title = {Babble and random-noise masking of speech in high and low context cue conditions},
	volume = {31},
	issn = {0022-4685},
	number = {1},
	journal = {Journal of Speech and Hearing Research},
	author = {Lewis, H. Donell and Benignus, Vernon A. and Muller, Keith E. and Malott, Carolin M. and Barton, Curtis N.},
	month = mar,
	year = {1988},
	note = {{PMID:} 3352248},
	pages = {108–114},
}
